<?xml version="1.0" encoding="UTF-8"?>
<collection xmlns:xsi="http://www.w3.org/2001/XMLSchema-instance" xsi:schemaLocation="http://www.loc.gov/MARC21/slim http://www.loc.gov/standards/marcxml/schema/MARC21slim.xsd" xmlns="http://www.loc.gov/MARC21/slim">
<record>
  <leader>00871cam a2200241K  4500</leader>
  <controlfield tag="001">5367752</controlfield>
  <controlfield tag="003">NNC</controlfield>
  <controlfield tag="005">20121019000542.0</controlfield>
  <controlfield tag="008">871214s1970    iq       b    000 0 arard</controlfield>
  <datafield tag="035" ind1=" " ind2=" ">
    <subfield code="a">(OCoLC)ocm17235532</subfield>
  </datafield>
  <datafield tag="035" ind1=" " ind2=" ">
    <subfield code="a">(NNC)5367752</subfield>
  </datafield>
  <datafield tag="040" ind1=" " ind2=" ">
    <subfield code="a">WAU</subfield>
    <subfield code="c">WAU</subfield>
    <subfield code="d">OCL</subfield>
    <subfield code="d">ZCU</subfield>
  </datafield>
  <datafield tag="099" ind1=" " ind2=" ">
    <subfield code="a">956</subfield>
    <subfield code="a">Ir27 v.30</subfield>
  </datafield>
  <datafield tag="100" ind1="1" ind2=" ">
    <subfield code="a">Sāmarrāʼī, ʻĀmir Rashīd.</subfield>
  </datafield>
  <datafield tag="245" ind1="1" ind2="3">
    <subfield code="a">al-Ab Anistās Mārī al-Kirmilī,</subfield>
    <subfield code="c">bi-qalam ʻĀmir Rashīd al-Sāmarrāʾī.</subfield>
  </datafield>
  <datafield tag="260" ind1=" " ind2=" ">
    <subfield code="a">[Baghdād]</subfield>
    <subfield code="b">Mudīrīyat al-Thaqāfah al-ʻĀmmah,</subfield>
    <subfield code="c">1970.</subfield>
  </datafield>
  <datafield tag="300" ind1=" " ind2=" ">
    <subfield code="a">18, p. :</subfield>
    <subfield code="b">port., facsim,</subfield>
    <subfield code="c">24 cm.</subfield>
  </datafield>
  <datafield tag="490" ind1="1" ind2=" ">
    <subfield code="a">Silsilat al-kutub al-ḥadīthah ;</subfield>
    <subfield code="v">30</subfield>
  </datafield>
  <datafield tag="500" ind1=" " ind2=" ">
    <subfield code="a">List of works by Anastās Marī: p. 11-15.</subfield>
  </datafield>
  <datafield tag="504" ind1=" " ind2=" ">
    <subfield code="a">Bibliographical footnotes.</subfield>
  </datafield>
  <datafield tag="600" ind1="0" ind2="0">
    <subfield code="a">Anistās Mārī,</subfield>
    <subfield code="c">al-Karmilī, ab,</subfield>
    <subfield code="d">1866-1947.</subfield>
  </datafield>
  <datafield tag="830" ind1=" " ind2="0">
    <subfield code="a">Silsilat al-kutub al-ḥadīthah ;</subfield>
    <subfield code="v">30.</subfield>
  </datafield>
  <datafield tag="955" ind1=" " ind2=" ">
    <subfield code="b">0026811014</subfield>
    <subfield code="d">glx</subfield>
    <subfield code="e">956 Ir27 v.30</subfield>
  </datafield>
</record>
</collection>